@book{osborne1994course,
  title={A course in game theory},
  author={Osborne, Martin J and Rubinstein, Ariel},
  year={1994},
  publisher={MIT press}
}

@inproceedings{Burguillo-Rial:2009:MFD:1558013.1558073,
 author = {Burguillo-Rial, Juan C.},
 title = {A Memetic Framework for Describing and Simulating Spatial Prisoner's Dilemma with Coalition Formation},
 booktitle = {Proceedings of The 8th International Conference on Autonomous Agents and Multiagent Systems - Volume 1},
 series = {AAMAS '09},
 year = {2009},
 isbn = {978-0-9817381-6-1},
 location = {Budapest, Hungary},
 pages = {441--448},
 numpages = {8},
 url = {http://dl.acm.org/citation.cfm?id=1558013.1558073},
 acmid = {1558073},
 publisher = {International Foundation for Autonomous Agents and Multiagent Systems},
 address = {Richland, SC},
 keywords = {coalition formation, evolutionary game theory, memetics, spatial prisoner's dilemma}
}

@book{Azoulay2002Negotiation,
  title={Negotiation on Data Allocation in Multi-Agent Environments},
  author={Rina Azoulay-Schwartz, Sarit Kraus},
  year={2002},
  publisher={Kluwer Academic Publishers}
}


@phdthesis{dorat:tel-00839387,
  TITLE = {{Spatial organizations in evolutionary game theory}},
  AUTHOR = {Dorat, R{\'e}mi},
  URL = {https://tel.archives-ouvertes.fr/tel-00839387},
  SCHOOL = {{Universit{\'e} des Sciences et Technologie de Lille - Lille I}},
  YEAR = {2009},
  MONTH = Jun,
  KEYWORDS = {Dynamique des populations ; {\'E}quilibre concurrentiel ; Th{\'e}orie des Jeux ; Simulation par ordinateur ; Programmation {\'e}volutionnaire ; Th{\'e}orie des Graphes ; Vie artificielle ; Coop{\'e}ration ; Biologie des populations ; Concurrence imparfaite ; Cycles biologiques},
  TYPE = {Theses},
  PDF = {https://tel.archives-ouvertes.fr/tel-00839387/file/these-remi-dorat.pdf},
  HAL_ID = {tel-00839387},
  HAL_VERSION = {v1}
}

@article{binmore1992fun,
  title={Fun and games, a text on game theory},
  author={Binmore, Ken},
  year={1992},
  publisher={DC Heath and Company}
}

@misc{Theodore2001Theory,
  title={Game Theory},
  author={Theodore L. Turocy, Bernhard von Stengel},
  year={2001},
  publisher={CDAM Research Report LSE-CDAM-2001-09},
  url={http://www.cdam.lse.ac.uk/Reports/Files/cdam-2001-09.pdf}
  }
@ONLINE{John:Online,
title = {John Nash{@ONLINE}},
publisher={Le portail des ministères économiques et financiers},
howpublished={http://www.economie.gouv.fr/facileco/john-nash}
}
@book{MonProf,
title={Syst{\`e}mes complexes: Une introduction par la pratique},
	author = {Collard, Philippe and Verel, S{\'e}bastien and Clergue, Manuel and Tomassini, Marco},
	year={2013},
	publisher = {Presses polytechniques et universitaires romandes},
	address = {Lausanne},
	isbn = {978-2-88074-991-0},
	abstract={Chacun peut observer dans le monde r{\'e}el l'omnipr{\'e}sence de syst{\`e}mes complexes constitu{\'e}s de nombreux {\'e}l{\'e}ments en interaction et dont les caract{\'e}ristiques globales ne peuvent se r{\'e}duire {\`a} celles de leurs composants : ce sont par exemple les cellules d'un organisme vivant, les colonies de fourmis, les {\'e}co-syst{\`e}mes, ou encore les syst{\`e}mes {\'e}conomiques, Internet et les r{\'e}seaux sociaux.
	Dans le futur, nos societ{\'e}s devront relever l'immense d{\'e}fi scientifique et technologique qui consiste {\`a} comprendre ces syst{\`e}mes pour les adapter, les contr{\^o}ler et les mod{\'e}liser.

	Au travers d'exemples choisis sans complication inutile, les auteurs proposent une introduction par la pratique aux syst{\`e}mes complexes. Leur m{\'e}thode repose sur la conviction que toute compr{\'e}hension suppose un acte d'exp{\'e}rience ; l'ouvrage est compos{\'e} d'ateliers o{\`u} il s'agit de simuler une dynamique collective {\`a} partir de sa mod{\'e}lisation orient{\'e}e-agent.
	Les {\'e}tudiants, les enseignants, les cr{\'e}ateurs et plus largement toute personne avide de d{\'e}velopper sa culture et d'actualiser ses connaissances tireront parti de cet ouvrage pluridisciplinaire accessible {\`a} un large public.}
}
@book{smith1982evolution,
  title={Evolution and the Theory of Games},
  author={Smith, J.M.},
  isbn={9780521288842},
  lccn={81021595},
  url={https://books.google.fr/books?id=Nag2IhmPS3gC},
  year={1982},
  publisher={Cambridge University Press}
}

@book{axelrod2006evolution,
  title={The Evolution of Cooperation},
  author={Axelrod, R.M.},
  isbn={9780465005642},
  lccn={2008297795},
  url={https://books.google.fr/books?id=KFf2HXzVO58C},
  year={2006},
  publisher={Basic Books}
}
@ARTICLE{RePEc:eee:jetheo:v:57:y:1992:i:2:p:278-305,
title = {Evolutionary stability in repeated games played by finite automata},
author = {Binmore, Kenneth G. and Samuelson, Larry},
year = {1992},
journal = {Journal of Economic Theory},
volume = {57},
number = {2},
pages = {278-305},
url = {http://EconPapers.repec.org/RePEc:eee:jetheo:v:57:y:1992:i:2:p:278-305}
}


